<record><leader>00000cas a22000007a 4500</leader><controlfield tag="001">18777926</controlfield><controlfield tag="008">881118d19051918mouwr ne      0    0eng d</controlfield><datafield ind1=" " ind2=" " tag="010"><subfield code="a">sn 88068009 </subfield></datafield><datafield ind1=" " ind2=" " tag="040"><subfield code="a">MQN</subfield><subfield code="b">eng</subfield><subfield code="c">MQN</subfield><subfield code="d">OCLCQ</subfield><subfield code="d">MXM</subfield><subfield code="d">OCLCQ</subfield><subfield code="d">OCLCF</subfield></datafield><datafield ind1=" " ind2=" " tag="043"><subfield code="a">n-us-mo</subfield></datafield><datafield ind1="0" ind2="0" tag="245"><subfield code="a">Chariton recorder.</subfield></datafield><datafield ind1=" " ind2=" " tag="260"><subfield code="a">Keytesville, Mo. :</subfield><subfield code="b">Homer P. Mitchell,</subfield><subfield code="c">-1918.</subfield></datafield><datafield ind1=" " ind2=" " tag="300"><subfield code="a">v.</subfield></datafield><datafield ind1=" " ind2=" " tag="310"><subfield code="a">Weekly</subfield></datafield><datafield ind1="1" ind2=" " tag="362"><subfield code="a">Began in 1905?</subfield></datafield><datafield ind1="0" ind2=" " tag="362"><subfield code="a">-v. 13, no. 52 (Feb. 1, 1918).</subfield></datafield><datafield ind1=" " ind2=" " tag="500"><subfield code="a">"Devoted to the interests of Keytesville and Chariton County, Missouri."</subfield></datafield><datafield ind1=" " ind2=" " tag="588"><subfield code="a">Description based on: Vol. 3, no. 42 (Nov. 22, 1907).</subfield></datafield><datafield ind1=" " ind2="0" tag="651"><subfield code="a">Chariton County (Mo.)</subfield><subfield code="v">Newspapers.</subfield></datafield><datafield ind1=" " ind2="7" tag="655"><subfield code="a">Newspapers.</subfield><subfield code="2">fast</subfield><subfield code="0">(OCoLC)fst01423814</subfield></datafield><datafield ind1=" " ind2="7" tag="651"><subfield code="a">Missouri</subfield><subfield code="z">Chariton County.</subfield><subfield code="2">fast</subfield><subfield code="0">(OCoLC)fst01215948</subfield></datafield><datafield ind1=" " ind2=" " tag="752"><subfield code="a">United States</subfield><subfield code="b">Missouri</subfield><subfield code="c">Chariton</subfield><subfield code="d">Keytesville.</subfield></datafield><datafield ind1="0" ind2="4" tag="785"><subfield code="t">Chariton courier</subfield><subfield code="w">(DLC)sn 88068010</subfield></datafield></record>